<?xml version="1.0" encoding="UTF-8"?>
<marc:collection xmlns:marc="http://www.loc.gov/MARC21/slim" xmlns:xsi="http://www.w3.org/2001/XMLSchema-instance" xsi:schemaLocation="http://www.loc.gov/MARC21/slim http://www.loc.gov/standards/marcxml/schema/MARC21slim.xsd">
   <marc:record type="Bibliographic">
      <marc:leader>03741cam a2200493 a 4500</marc:leader>
      <marc:controlfield tag="001">400395</marc:controlfield>
      <marc:controlfield tag="003">NjP</marc:controlfield>
      <marc:controlfield tag="005">20130515164240.0</marc:controlfield>
      <marc:controlfield tag="008">870928r19801939ir            000 0 ara d</marc:controlfield>
      <marc:datafield tag="035" ind1=" " ind2=" ">
         <marc:subfield code="a">(OCoLC)ocn175646182</marc:subfield>
      </marc:datafield>
      <marc:datafield tag="035" ind1=" " ind2=" ">
         <marc:subfield code="a">(OCoLC)175646182</marc:subfield>
      </marc:datafield>
      <marc:datafield tag="035" ind1=" " ind2=" ">
         <marc:subfield code="a">(CStRLIN)NJPG87-B47466</marc:subfield>
      </marc:datafield>
      <marc:datafield tag="035" ind1=" " ind2=" ">
         <marc:subfield code="9">ABX5892TS</marc:subfield>
      </marc:datafield>
      <marc:datafield tag="035" ind1=" " ind2=" ">
         <marc:subfield code="a">(NjP)400395</marc:subfield>
      </marc:datafield>
      <marc:datafield tag="040" ind1=" " ind2=" ">
         <marc:subfield code="a">PUL</marc:subfield>
         <marc:subfield code="c">PUL</marc:subfield>
         <marc:subfield code="d">PUL</marc:subfield>
      </marc:datafield>
      <marc:datafield tag="049" ind1=" " ind2=" ">
         <marc:subfield code="a">PULL</marc:subfield>
      </marc:datafield>
      <marc:datafield tag="079" ind1=" " ind2=" ">
         <marc:subfield code="a">ocm25342296</marc:subfield>
      </marc:datafield>
      <marc:datafield tag="100" ind1="1" ind2=" ">
         <marc:subfield code="6">880-01</marc:subfield>
         <marc:subfield code="a">Sujāʻī, Aḥmad ibn Aḥmad,</marc:subfield>
         <marc:subfield code="d">d. 1783?</marc:subfield>
      </marc:datafield>
      <marc:datafield tag="245" ind1="1" ind2="0">
         <marc:subfield code="6">880-02</marc:subfield>
         <marc:subfield code="a">Ḥāshiyat al-ʻallāmah al-fāḍil, mashkūr al-masāʻī Aḥmad ibn Aḥmad al-Sujāʻī, al-mutawaffá sanat 1197 H ʻalá Sharḥ Jamāl al-Dīn Abī Muḥammad ʻAbd Allāh ibn Yūsuf ibn Hishām al-Anṣārī li-muqaddimatihi Qaṭr al-nadá wa-ball al-ṣadá.  Wa-bi-al-hāmish al-Sharḥ al-madhkūr maʻa baʻḍ taqrīrāt ʻalá al-Ḥāshiyah / li-Shams al-Dīn Muḥammad al-Anbābī.</marc:subfield>
      </marc:datafield>
      <marc:datafield tag="250" ind1=" " ind2=" ">
         <marc:subfield code="6">880-03</marc:subfield>
         <marc:subfield code="a">al-Ṭabʻah al-akhīrah.</marc:subfield>
      </marc:datafield>
      <marc:datafield tag="260" ind1=" " ind2=" ">
         <marc:subfield code="6">880-04</marc:subfield>
         <marc:subfield code="a">Qum, Īrān :</marc:subfield>
         <marc:subfield code="b">al-Raḍī,</marc:subfield>
         <marc:subfield code="c">[198-]</marc:subfield>
      </marc:datafield>
      <marc:datafield tag="300" ind1=" " ind2=" ">
         <marc:subfield code="a">132 p. ;</marc:subfield>
         <marc:subfield code="c">23 cm.</marc:subfield>
      </marc:datafield>
      <marc:datafield tag="534" ind1=" " ind2=" ">
         <marc:subfield code="6">880-05</marc:subfield>
         <marc:subfield code="p">Reprint. Originally published:</marc:subfield>
         <marc:subfield code="c">al-Qāhirah, Miṣr : Maṭbaʻat Muṣṭafá al-Bābī al-Ḥalabī, 1939.</marc:subfield>
      </marc:datafield>
      <marc:datafield tag="600" ind1="1" ind2="0">
         <marc:subfield code="6">880-06</marc:subfield>
         <marc:subfield code="a">Ibn Hishām, ʻAbd Allāh ibn Yūsuf,</marc:subfield>
         <marc:subfield code="d">1309-1360.</marc:subfield>
         <marc:subfield code="t">Qaṭr al-nadá wa-ball al-ṣadá.</marc:subfield>
      </marc:datafield>
      <marc:datafield tag="600" ind1="1" ind2="0">
         <marc:subfield code="6">880-07</marc:subfield>
         <marc:subfield code="a">Anbābī, Muḥammad ibn Muḥammad,</marc:subfield>
         <marc:subfield code="d">1824 or 1825-1895 or 1896.</marc:subfield>
         <marc:subfield code="t">Taqrīr ʻalá Ḥāshiyat al-Sujāʻī ʻalá Sharḥ al-Qaṭr li-Ibn Hishām.</marc:subfield>
      </marc:datafield>
      <marc:datafield tag="650" ind1=" " ind2="0">
         <marc:subfield code="a">Arabic language</marc:subfield>
         <marc:subfield code="x">Grammar</marc:subfield>
         <marc:subfield code="x">Early works to 1800.</marc:subfield>
      </marc:datafield>
      <marc:datafield tag="700" ind1="1" ind2="2">
         <marc:subfield code="6">880-08</marc:subfield>
         <marc:subfield code="a">Anbābī, Muḥammad ibn Muḥammad,</marc:subfield>
         <marc:subfield code="d">1824 or 1825-1895 or 1896.</marc:subfield>
         <marc:subfield code="t">Taqrīr ʻalá Ḥāshiyat al-Sujāʻī ʻalá Sharḥ al-Qaṭr li-Ibn Hishām.</marc:subfield>
         <marc:subfield code="f">1980.</marc:subfield>
      </marc:datafield>
      <marc:datafield tag="740" ind1="0" ind2=" ">
         <marc:subfield code="6">880-09</marc:subfield>
         <marc:subfield code="a">Taqrīr ʻalá Ḥāshiyat al-Sujāʻī ʻalá Sharḥ al-Qaṭr li-Ibn Hishām.</marc:subfield>
      </marc:datafield>
      <marc:datafield tag="740" ind1="0" ind2=" ">
         <marc:subfield code="6">880-10</marc:subfield>
         <marc:subfield code="a">Ḥāshiyah ʻalá sharḥ Jamāl al-Dīn Abī Muḥammad ʻAbd Allāh ...</marc:subfield>
      </marc:datafield>
      <marc:datafield tag="880" ind1="1" ind2=" ">
         <marc:subfield code="6">100-01/r</marc:subfield>
         <marc:subfield code="a">سجاعي، احمد بن احمد،</marc:subfield>
         <marc:subfield code="d">d. 1783؟</marc:subfield>
      </marc:datafield>
      <marc:datafield tag="880" ind1="1" ind2="0">
         <marc:subfield code="6">245-02/r</marc:subfield>
         <marc:subfield code="a">حاشية العلامة الفاضل، مشكور المساعي احمد بن احمد السجاعي، المتوفى سنة 1197 ه على شرح جمال الدين ابي محمد عبد الله بن يوسف بن هشام الانصاري لمقدمته قطر الندى وبل الصدى.  وبالهامش الشرح المذكور مع بعض تقريرات على الحاشية / لشمس الدين محمد الانبابي.</marc:subfield>
      </marc:datafield>
      <marc:datafield tag="880" ind1=" " ind2=" ">
         <marc:subfield code="6">250-03/r</marc:subfield>
         <marc:subfield code="a">الطبعة الاخيرة.</marc:subfield>
      </marc:datafield>
      <marc:datafield tag="880" ind1=" " ind2=" ">
         <marc:subfield code="6">260-04/r</marc:subfield>
         <marc:subfield code="a">قم، ايران :</marc:subfield>
         <marc:subfield code="b">الرضي،</marc:subfield>
         <marc:subfield code="c">[198-]</marc:subfield>
      </marc:datafield>
      <marc:datafield tag="880" ind1=" " ind2=" ">
         <marc:subfield code="6">534-05/r</marc:subfield>
         <marc:subfield code="p">Reprint. Originally published:</marc:subfield>
         <marc:subfield code="c">القاهرة، مصر : مطبعة مصطفى البابي الحلبي، 1939.</marc:subfield>
      </marc:datafield>
      <marc:datafield tag="880" ind1="1" ind2="0">
         <marc:subfield code="6">600-06/r</marc:subfield>
         <marc:subfield code="a">ابن هشام، عبد الله بن يوسف،</marc:subfield>
         <marc:subfield code="d">1309-1360.</marc:subfield>
         <marc:subfield code="t">قطر الندى وبل الصدى.</marc:subfield>
      </marc:datafield>
      <marc:datafield tag="880" ind1="1" ind2="4">
         <marc:subfield code="6">600-07/r</marc:subfield>
         <marc:subfield code="a">انبابي، محمد بن محمد،</marc:subfield>
         <marc:subfield code="d">1824 or 1825-1895 or 1896.</marc:subfield>
         <marc:subfield code="t">تقرير على حاشية السجاعي على شرح القطر لابن هشام.</marc:subfield>
      </marc:datafield>
      <marc:datafield tag="880" ind1="1" ind2="2">
         <marc:subfield code="6">700-08/r</marc:subfield>
         <marc:subfield code="a">انبابي، محمد بن محمد،</marc:subfield>
         <marc:subfield code="d">1824 or 1825-1895 or 1896.</marc:subfield>
         <marc:subfield code="t">تقرير على حاشية السجاعي على شرح القطر لابن هشام.</marc:subfield>
         <marc:subfield code="f">1980.</marc:subfield>
      </marc:datafield>
      <marc:datafield tag="880" ind1="0" ind2=" ">
         <marc:subfield code="6">740-09/r</marc:subfield>
         <marc:subfield code="a">تقرير على حاشية السجاعي على شرح القطر لابن هشام.</marc:subfield>
      </marc:datafield>
      <marc:datafield tag="880" ind1="0" ind2=" ">
         <marc:subfield code="6">740-10/r</marc:subfield>
         <marc:subfield code="a">حاشية على شرح جمال الدين ابي محمد عبد الله ...</marc:subfield>
      </marc:datafield>
      <marc:datafield tag="852" ind1="0" ind2=" ">
         <marc:subfield code="b">nec</marc:subfield>
         <marc:subfield code="h">PJ6101.I193</marc:subfield>
         <marc:subfield code="i">S853 1980z</marc:subfield>
         <marc:subfield code="p">436532</marc:subfield>
         <marc:subfield code="x">reclassed from: 2271.46.942 1980z</marc:subfield>
      </marc:datafield>
      <marc:datafield tag="998" ind1=" " ind2=" ">
         <marc:subfield code="a">07/02/91</marc:subfield>
         <marc:subfield code="s">9118</marc:subfield>
         <marc:subfield code="n">NjP</marc:subfield>
         <marc:subfield code="w">NJPG87B47466</marc:subfield>
         <marc:subfield code="d">09/28/87</marc:subfield>
         <marc:subfield code="c">JEB</marc:subfield>
         <marc:subfield code="b">JEB</marc:subfield>
         <marc:subfield code="i">910702</marc:subfield>
         <marc:subfield code="l">NJPG</marc:subfield>
      </marc:datafield>
      <marc:datafield tag="911" ind1=" " ind2=" ">
         <marc:subfield code="a">19921028</marc:subfield>
      </marc:datafield>
      <marc:datafield tag="912" ind1=" " ind2=" ">
         <marc:subfield code="a">19910702000000.0</marc:subfield>
      </marc:datafield>
      <marc:datafield tag="994" ind1=" " ind2=" ">
         <marc:subfield code="a">C0</marc:subfield>
         <marc:subfield code="b">PUL</marc:subfield>
      </marc:datafield>
      <marc:datafield tag="999" ind1=" " ind2=" ">
         <marc:subfield code="a">400395</marc:subfield>
      </marc:datafield>
   </marc:record>
</marc:collection>
